@phdthesis{noorshams2015phd,
title = {Modeling and Prediction of I/O Performance in Virtualized Environments},
author = {Noorshams, Omar-Qais},
year = {2015},
size = {Online-Ressource},
keywords = {Online-Publikation},
note = {Karlsruhe, KIT, Diss., 2015},
bestand = {Karlsruher Institut für Technologie (KIT) - KIT-Bibliothek <90>;
},
URL = {http://digbib.ubka.uni-karlsruhe.de/volltexte/1000046750},
}
